<mx:record xmlns="http://www.w3.org/TR/xhtml1/strict" xmlns:mx="http://www.loc.gov/MARC21/slim" xmlns:xsi="http://www.w3.org/2001/XMLSchema-instance"><mx:leader>00000cz  a2200000n  45 0</mx:leader><mx:controlfield tag="001">oca01351979 </mx:controlfield><mx:controlfield tag="005">20060415071241.0</mx:controlfield><mx:controlfield tag="008">850326n| acannaabn          |a aaa      </mx:controlfield><mx:datafield ind1=" " ind2=" " tag="010"><mx:subfield code="a">n  85011976</mx:subfield><mx:subfield code="z">n  85008079</mx:subfield></mx:datafield><mx:datafield ind1=" " ind2=" " tag="040"><mx:subfield code="a">DLC</mx:subfield><mx:subfield code="b">eng</mx:subfield><mx:subfield code="c">DLC</mx:subfield><mx:subfield code="d">DLC</mx:subfield><mx:subfield code="d">OCoLC</mx:subfield></mx:datafield><mx:datafield ind1="0" ind2=" " tag="100"><mx:subfield code="a">Eudoxus,</mx:subfield><mx:subfield code="c">of Cnidus,</mx:subfield><mx:subfield code="d">ca. 400-ca. 350 B.C.</mx:subfield></mx:datafield><mx:datafield ind1="0" ind2=" " tag="400"><mx:subfield code="a">Eudoxe,</mx:subfield><mx:subfield code="c">de Cnide,</mx:subfield><mx:subfield code="d">ca. 400-ca. 350 B.C.</mx:subfield></mx:datafield><mx:datafield ind1="0" ind2=" " tag="400"><mx:subfield code="a">Eudoxos,</mx:subfield><mx:subfield code="c">von Knidos,</mx:subfield><mx:subfield code="d">ca. 400-ca. 350 B.C.</mx:subfield></mx:datafield><mx:datafield ind1="0" ind2=" " tag="400"><mx:subfield code="w">nnaa</mx:subfield><mx:subfield code="a">Eudoxus of Cnidus</mx:subfield></mx:datafield><mx:datafield ind1=" " ind2=" " tag="670"><mx:subfield code="a">Gardies, J.L. Pascal entre Eudoxe et Cantor, 1984:</mx:subfield><mx:subfield code="b">t.p. (Eudoxe) p. 9 (Eudoxe de Cnide)</mx:subfield></mx:datafield><mx:datafield ind1=" " ind2=" " tag="670"><mx:subfield code="a">His Fragmente, 1966:</mx:subfield><mx:subfield code="b">t.p. (Eudoxos von Knidos)</mx:subfield></mx:datafield><mx:datafield ind1=" " ind2=" " tag="670"><mx:subfield code="a">Encycl. Brit.</mx:subfield><mx:subfield code="b">(Eudoxus of Cnidus, mathematician &amp; astron. in age of Plato, b. ca. 400 BC in Cnidus, Asia Minor, d. ca. 350 BC)</mx:subfield></mx:datafield><mx:datafield ind1=" " ind2=" " tag="670"><mx:subfield code="a">LC data base, 3-20-85</mx:subfield><mx:subfield code="b">(hdg.: Eudoxus of Cnidus; usage not given)</mx:subfield></mx:datafield><mx:datafield ind1=" " ind2=" " tag="999"><mx:subfield code="a">3839</mx:subfield></mx:datafield></mx:record>